@book{bitva,
author = {Wanner, Jan},
title = {Bitva o Suez},
year = {2006},
subtitle = {Studená válka, druhý arabsko-izraelský konflikt a britsko-francouzská intervence v Egyptě},
edition = {První vydání},
publisher = {Libri},
location = {v Praze},
isbn = {80-7277-298-8},
}

@online{tg:pr1,
author = {{TimeGhost History}},
title = {Egypt's Colonial and Zionist Troubles | The Suez Crisis | Prelude 1},
year = {10. 8. 2020},
url = {https://youtu.be/3tnxiJ9n1c8?list=PLrG5J-K5AYAWTs_FBEJJNPV_UV_aL548Z},
urldate = {2022-03-16},
}

@online{galaxian,
author = {{Atari Corporation}},
title = {Galaxian},
year = {1979},
url = {https://www.mobygames.com/game/137/galaxian/},
urldate = {2023-03-07},
}

@online{spaceinvaders,
author = {{Atari Corporation}},
title = {Space Invaders},
year = {1978},
url = {https://www.mobygames.com/game/8806/space-invaders/},
urldate = {2023-03-07},
}

@online{nier,
author = {{Square Enix} and {Platinum Games}},
title = {NieR: Automata Game of the YoRHa Edition},
year = {2017},
url = {https://store.steampowered.com/app/524220/NieRAutomata/},
urldate = {2023-03-07},
}

@online{squadrons,
author = {{Electronic Arts}},
title = {Star Wars: Squadrons},
year = {2020},
url = {https://store.steampowered.com/app/1222730/STAR_WARS_Squadrons/},
urldate = {2023-03-07},
}

@online{bf2,
author = {{Electronic Arts}},
title = {Star Wars: Battlefront II},
year = {2017},
url = {https://store.steampowered.com/app/1237950/STAR_WARS_Battlefront_II/},
urldate = {2023-03-07},
}

@online{elite,
author = {{Frontier Developments}},
title = {Elite: Dangerous},
year = {2015},
url = {https://store.steampowered.com/app/359320/Elite_Dangerous/},
urldate = {2023-03-07},
}

@online{uedocs:gate1,
author = {{Epic Games}},
title = {Unreal Engine 5 Documentation},
year = {2022},
url = {https://docs.unrealengine.com/5.1/en-US/flow-control-in-unreal-engine/#gate},
subtitle = {Flow control in Unreal Engine: Gate},
urldate = {2023-03-26},
}

@incollection{uedocs:gate2,
author = {{Epic Games}},
editor = {},
title = {Flow control in Unreal Engine: Gate},
booktitle = {Unreal Engine 5 Documentation},
year = {2022},
url = {https://docs.unrealengine.com/5.0/en-US/flow-control-in-unreal-engine/#gate},
urldate = {2023-03-26},
}

@article{uedocs:gate3,
author = {{Epic Games}},
title = {Flow control in Unreal Engine: Gate},
journaltitle = {Unreal Engine 5 Documentation},
year = {2022},
url = {https://docs.unrealengine.com/5.0/en-US/flow-control-in-unreal-engine/#gate},
urldate = {2023-03-26},
}

@online{uedocs:moveto,
author = {{Epic Games}},
title = {Unreal Engine 5 Documentation},
year = {2022},
url = {https://docs.unrealengine.com/5.0/en-US/BlueprintAPI/Ability/Tasks/MovetoLocation/},
subtitle = {Move to Location},
urldate = {2023-03-26},
}

@online{unigine,
author = {{UNIGINE Holding S.à r.l.}},
title = {Unigine 2},
year = {2023},
url = {https://unigine.com/#intro},
urldate = {2023-01-14},
}

@online{cryengine,
author = {{Crytek GmbH}},
title = {CryEngine},
year = {2023},
url = {https://www.cryengine.com},
urldate = {2023-01-14},
}

@online{unity,
author = {{Unity Software Inc.}},
title = {Unity Engine},
year = {2023},
url = {https://unity.com},
urldate = {2023-01-14},
}

@online{unreal,
author = {{Epic Games}},
title = {Unreal Engine 5},
year = {2023},
url = {https://www.unrealengine.com/en-US},
urldate = {2023-01-14},
}

@online{uedocs:lumen,
author = {{Epic Games}},
title = {Unreal Engine 5 Documentation},
year = {2022},
url = {https://docs.unrealengine.com/5.0/en-US/lumen-global-illumination-and-reflections-in-unreal-engine/},
subtitle = {Lumen Global Illumination and Reflections},
urldate = {2023-01-15},
}

@online{gimp,
author = {Spencer Kimball and Peter Mattis},
title = {GNU Image Manipulation Program (GIMP)},
year = {2023},
url = {https://gimp.org},
urldate = {2023-01-15},
}

@online{photoshop,
author = {{Adobe Inc.}},
title = {Adobe Photoshop},
year = {2023},
url = {https://www.adobe.com/cz/products/photoshop/landpb.html},
urldate = {2023-01-20},
}

@online{audacity,
author = {{The Audacity Team}},
title = {Audacity},
year = {2023},
url = {https://www.audacityteam.org},
urldate = {2023-01-15},
}

@online{git,
author = {Linus Torvalds and Junio Hamano and others},
title = {Git},
year = {2023},
url = {https://git-scm.com},
urldate = {2023-03-28},
}

@online{blender,
author = {Tom Roosendaal and {The Blender Foundation}},
title = {Blender},
year = {2023},
url = {https://blender.org},
urldate = {2023-01-15},
}

@online{uedocs:templates,
author = {{Epic Games}},
title = {Unreal Engine 5 Documentation},
year = {2022},
url = {https://docs.unrealengine.com/5.0/en-US/unreal-engine-templates-reference/},
subtitle = {Templates Reference},
urldate = {2023-01-20},
}

@online{sketchfab,
author = {{Epic Games}},
title = {Sketchfab},
year = {2023},
url = {https://sketchfab.com},
urldate = {2023-03-25},
}

@online{uedocs:blueprint,
author = {{Epic Games}},
title = {Unreal Engine 5 Documentation},
year = {2022},
url = {https://docs.unrealengine.com/5.1/en-US/introduction-to-blueprints-visual-scripting-in-unreal-engine/},
subtitle = {Introduction to Blueprints},
urldate = {2023-01-20},
}

@online{uedocs:nodes,
author = {{Epic Games}},
title = {Unreal Engine 5 Documentation},
year = {2022},
url = {https://docs.unrealengine.com/5.0/en-US/nodes-in-unreal-engine/},
subtitle = {Nodes},
urldate = {2023-01-20},
}

@online{uedocs:actors,
author = {{Epic Games}},
title = {Unreal Engine 5 Documentation},
year = {2022},
url = {https://docs.unrealengine.com/5.0/en-US/actors-in-unreal-engine/},
subtitle = {Actors},
urldate = {2023-01-20},
}

@online{uedocs:bt,
author = {{Epic Games}},
title = {Unreal Engine 5 Documentation},
year = {2022},
url = {https://docs.unrealengine.com/5.0/en-US/behavior-tree-in-unreal-engine---user-guide/},
subtitle = {Behavior Tree User Guide},
urldate = {2023-01-20},
}

@online{uedocs:don,
author = {{Epic Games}},
title = {Unreal Engine 5 Documentation},
year = {2022},
url = {https://docs.unrealengine.com/5.0/en-US/flow-control-in-unreal-engine/#don},
subtitle = {Flow control in Unreal Engine: DoN},
urldate = {2023-01-20},
}